@inproceedings{shay2014can,
  title={Can long passwords be secure and usable?},
  author={Shay, Richard and Komanduri, Saranga and Durity, Adam L and Huh, Phillip Seyoung and Mazurek, Michelle L and Segreti, Sean M and Ur, Blase and Bauer, Lujo and Christin, Nicolas and Cranor, Lorrie Faith},
  booktitle={Proceedings of the 32nd annual ACM conference on Human factors in computing systems},
  pages={2927--2936},
  year={2014},
  organization={ACM}
}

@article{damerau1964technique,
  title={A technique for computer detection and correction of spelling errors},
  author={Damerau, Fred J},
  journal={Communications of the ACM},
  volume={7},
  number={3},
  pages={171--176},
  year={1964},
  publisher={ACM}
}

@inproceedings{levenshtein1966binary,
  title={Binary codes capable of correcting deletions, insertions, and reversals},
  author={Levenshtein, Vladimir I},
  booktitle={Soviet physics doklady},
  volume={10},
  number={8},
  pages={707--710},
  year={1966}
}

@article{meeker2015internet,
  title={Internet trends 2015-code conference},
  author={Meeker, Mary},
  journal={Glokalde},
  volume={1},
  number={3},
  year={2015}
}

@article{williams1949experimental,
  title={Experimental designs balanced for the estimation of residual effects of treatments},
  author={Williams, EJ},
  journal={Australian Journal of Chemistry},
  volume={2},
  number={2},
  pages={149--168},
  year={1949},
  publisher={CSIRO}
}

@inproceedings{florencio2007large,
  title={A large-scale study of web password habits},
  author={Florencio, Dinei and Herley, Cormac},
  booktitle={Proceedings of the 16th international conference on World Wide Web},
  pages={657--666},
  year={2007},
  organization={ACM}
}

@misc{oxforddicshouldersurfing,
  title={Definition of shoulder surfing in English},
  year=2017,
  note={Retrieved August 30, 2017 from \url{https://en.oxforddictionaries.com/definition/shoulder_surfing}},
  annote ={URL}
}

@misc{pixelatefilters,
  title={Photoshop Elements Pixelate filters},
  year=2017,
  note={Retrieved August 30, 2017 from \url{https://helpx.adobe.com/photoshop-elements/using/pixelate-filters.html}},
  annote ={URL}
}

@article{burton1999face,
  title={Face recognition in poor-quality video: Evidence from security surveillance},
  author={Burton, A Mike and Wilson, Stephen and Cowan, Michelle and Bruce, Vicki},
  journal={Psychological Science},
  volume={10},
  number={3},
  pages={243--248},
  year={1999},
  publisher={SAGE Publications Sage CA: Los Angeles, CA}
}


@article{gregory1997knowledge,
  title={Knowledge in perception and illusion},
  author={Gregory, Richard L},
  journal={Philosophical Transactions of the Royal Society of London B: Biological Sciences},
  volume={352},
  number={1358},
  pages={1121--1127},
  year={1997},
  publisher={The Royal Society}
}



@article{kinjo2000does,
  title={Does the generation effect occur for pictures?},
  author={Kinjo, Hikari and Snodgrass, Joan Gay},
  journal={The American journal of psychology},
  volume={113},
  number={1},
  pages={95},
  year={2000},
  publisher={University of Illinois Press}
}


@inproceedings{harada2006user,
  title={A user authentication system using schema of visual memory},
  author={Harada, Atsushi and Isarida, Takeo and Mizuno, Tadanori and Nishigaki, Masakatsu},
  booktitle={BioADIT},
  pages={338--345},
  year={2006},
  organization={Springer}
}



@inproceedings{hayashi2008use,
  title={Use your illusion: secure authentication usable anywhere},
  author={Hayashi, Eiji and Dhamija, Rachna and Christin, Nicolas and Perrig, Adrian},
  booktitle={Proceedings of the 4th symposium on Usable privacy and security},
  pages={35--45},
  year={2008},
  organization={ACM}
}


@inproceedings{von2016you,
  title={You Can't Watch This!: Privacy-Respectful Photo Browsing on Smartphones},
  author={von Zezschwitz, Emanuel and Ebbinghaus, Sigrid and Hussmann, Heinrich and De Luca, Alexander},
  booktitle={Proceedings of the 2016 CHI Conference on Human Factors in Computing Systems},
  pages={4320--4324},
  year={2016},
  organization={ACM}
}

@inproceedings{eiband2017understanding,
  title={Understanding Shoulder Surfing in the Wild: Stories from Users and Observers},
  author={Eiband, Malin and Khamis, Mohamed and von Zezschwitz, Emanuel and Hußman, Heinrich and Alt, Florian },
  booktitle={Proceedings of the 2017 CHI Conference on Human Factors in Computing Systems},
  pages={4254--4265},
  year={2017},
  organization={ACM}
}

@inproceedings{eiband2016my,
  title={My Scrawl Hides It All: Protecting Text Messages Against Shoulder Surfing With Handwritten Fonts},
  author={Eiband, Malin and von Zezschwitz, Emanuel and Buschek, Daniel and Hußmann, Heinrich },
  booktitle={Proceedings of the 2016 CHI Conference Extended Abstracts on Human Factors in Computing Systems},
  pages={Pages 2041--2048 },
  year={2016},
  organization={ACM}
}

